@book{mozelli2020,
    author = {Mozelli, Leonardo and T{\^o}rres, Leonardo and Alves Neto, Armando},
    title = {M{\'o}dulo 1 Processo Massa Mola - Laborat{\'o}rio Remoto},
    year = {2020},
    institution = {Universidade Federal de Minas Gerais},
    type = {Material de Laborat{\'o}rio Remoto}
} 

@book{oliveira2011,
    author = {de Oliveira, Jos{\'e} Carlos Rodrigues},
    title = {M{\'o}dulo Massa-Mola ECP},
    publisher = {Universidade Federal de Minas Gerais},
    year = {2011}
} 

@book{parks1999,
    author = {Parks, T.},
    title = {Manual for model 210/210a rectilinear control systems},
    publisher = {Educational Control Products},
    address = {Bell Canyon},
    year = {1999}
}

@article{kawakami2003,
    author = {Kawakami Harrop Galvão, Roberto and Yoneyama, Takashi and de Araújo, Fábio Meneghetti Ugulino and Machado, Rodolfo Galati},
    title = {A Simple Technique for Identifying a Linearized Model for a Didactic Magnetic Levitation System},
    journal = {IEEE Transactions on Education},
    volume = {46},
    number = {1},
    pages = {22--25},
    year = {2003}
}

@manual{feedback2006control,
    author = {{Feedback Instruments Ltd.}},
    title = {Magnetic Levitation Control Experiments 33-942S},
    year = {2006},
    note = {Manual: 33-942S Ed01}
}

@manual{feedback2006install,
    author = {{Feedback Instruments Ltd.}},
    title = {MAGNETIC LEVITATION Installation \& Commissioning 33-942IC},
    year = {2006},
    note = {Manual: 33-942IC Ed01}
}